@online{opfunu,
    title = {Opfunu Cec2022 based module},
    url = {https://opfunu.readthedocs.io/en/latest/pages/cec_based.html#module-opfunu.cec_based.cec2022},
    urldate = {2025-06-01},
}
